<record><leader>00000cas a22000007a 4500</leader><controlfield tag="001">11566237</controlfield><controlfield tag="008">850110d19841985nbuwr ne      0   a0eng d</controlfield><datafield ind1=" " ind2=" " tag="010"><subfield code="a">sn 85000059 </subfield></datafield><datafield ind1=" " ind2=" " tag="040"><subfield code="a">NSD</subfield><subfield code="b">eng</subfield><subfield code="c">NSD</subfield><subfield code="d">DLC</subfield><subfield code="d">NVG</subfield><subfield code="d">OCLCQ</subfield></datafield><datafield ind1=" " ind2=" " tag="012"><subfield code="m">1</subfield></datafield><datafield ind1="1" ind2=" " tag="022"><subfield code="a">8750-586X</subfield><subfield code="l">8750-586X</subfield><subfield code="2">1</subfield></datafield><datafield ind1="1" ind2=" " tag="029"><subfield code="a">AU@</subfield><subfield code="b">000025837770</subfield></datafield><datafield ind1=" " ind2=" " tag="032"><subfield code="a">732650</subfield><subfield code="b">USPS</subfield></datafield><datafield ind1=" " ind2=" " tag="037"><subfield code="b">Cherry County Post, 125 W. Third, Valentine, NE 69201</subfield></datafield><datafield ind1=" " ind2=" " tag="042"><subfield code="a">nsdp</subfield></datafield><datafield ind1=" " ind2="0" tag="222"><subfield code="a">Cherry County post</subfield></datafield><datafield ind1="0" ind2="0" tag="245"><subfield code="a">Cherry County post.</subfield></datafield><datafield ind1=" " ind2=" " tag="260"><subfield code="a">Valentine, Neb. :</subfield><subfield code="b">Rhonda Cherry,</subfield><subfield code="c">1984-1985.</subfield></datafield><datafield ind1=" " ind2=" " tag="300"><subfield code="a">2 v.</subfield></datafield><datafield ind1=" " ind2=" " tag="310"><subfield code="a">Weekly</subfield></datafield><datafield ind1="0" ind2=" " tag="362"><subfield code="a">Vol. 1, no. 1 (Aug. 15, 1984)-v. 2, no. 12 (Oct. 23, 1985).</subfield></datafield><datafield ind1=" " ind2=" " tag="752"><subfield code="a">United States</subfield><subfield code="b">Nebraska</subfield><subfield code="c">Cherry</subfield><subfield code="d">Valentine.</subfield></datafield><datafield ind1="1" ind2=" " tag="776"><subfield code="c">Microfilm</subfield><subfield code="d">Nebraska State Historical Society</subfield><subfield code="w">(DLC)sn 95069799</subfield></datafield><datafield ind1=" " ind2=" " tag="936"><subfield code="a">Dec. 12, 1984</subfield></datafield></record>